<record><leader>00000cas a22000007a 4500</leader><controlfield tag="001">30524475</controlfield><controlfield tag="008">940531d18551856nyuwr n       0   a0eng d</controlfield><datafield ind1=" " ind2=" " tag="010"><subfield code="a">sn 96094971 </subfield></datafield><datafield ind1=" " ind2=" " tag="040"><subfield code="a">UMC</subfield><subfield code="b">eng</subfield><subfield code="c">UMC</subfield><subfield code="d">SMI</subfield><subfield code="d">NVK</subfield><subfield code="d">OCL</subfield><subfield code="d">OCLCQ</subfield><subfield code="d">OCLCG</subfield><subfield code="d">OCLCQ</subfield><subfield code="d">OCLCF</subfield><subfield code="d">OCLCO</subfield></datafield><datafield ind1=" " ind2=" " tag="042"><subfield code="a">msc</subfield></datafield><datafield ind1=" " ind2=" " tag="043"><subfield code="a">n-us---</subfield><subfield code="a">n-us-ny</subfield></datafield><datafield ind1=" " ind2=" " tag="090"><subfield code="a">HE2714</subfield><subfield code="b">.R1518</subfield></datafield><datafield ind1="0" ind2="0" tag="245"><subfield code="a">Colburn's railroad advocate.</subfield></datafield><datafield ind1=" " ind2=" " tag="260"><subfield code="a">New York :</subfield><subfield code="b">Zerah Colburn,</subfield><subfield code="c">1855-1856.</subfield></datafield><datafield ind1=" " ind2=" " tag="300"><subfield code="a">2 v. :</subfield><subfield code="b">ill. ;</subfield><subfield code="c">40 cm.</subfield></datafield><datafield ind1=" " ind2=" " tag="310"><subfield code="a">Weekly</subfield></datafield><datafield ind1="0" ind2=" " tag="362"><subfield code="a">V. 2, no. 1 (May 12, 1855)-v. 3, no. 12 (Aug. 2, 1856).</subfield></datafield><datafield ind1=" " ind2=" " tag="500"><subfield code="a">"Railroads, manufactures, commerce, banking, engineering, etc."</subfield></datafield><datafield ind1=" " ind2="0" tag="650"><subfield code="a">Railroads</subfield><subfield code="z">United States</subfield><subfield code="v">Periodicals.</subfield></datafield><datafield ind1=" " ind2="0" tag="650"><subfield code="a">Railroads</subfield><subfield code="x">Employees</subfield><subfield code="v">Newspapers.</subfield></datafield><datafield ind1=" " ind2="0" tag="651"><subfield code="a">New York (N.Y.)</subfield><subfield code="v">Newspapers.</subfield></datafield><datafield ind1=" " ind2="7" tag="655"><subfield code="a">Newspapers.</subfield><subfield code="2">fast</subfield><subfield code="0">(OCoLC)fst01423814</subfield></datafield><datafield ind1=" " ind2="7" tag="655"><subfield code="a">Periodicals.</subfield><subfield code="2">fast</subfield><subfield code="0">(OCoLC)fst01411641</subfield></datafield><datafield ind1=" " ind2="7" tag="650"><subfield code="a">Railroads.</subfield><subfield code="2">fast</subfield><subfield code="0">(OCoLC)fst01088711</subfield></datafield><datafield ind1=" " ind2="7" tag="650"><subfield code="a">Railroads</subfield><subfield code="x">Employees.</subfield><subfield code="2">fast</subfield><subfield code="0">(OCoLC)fst01088904</subfield></datafield><datafield ind1=" " ind2="7" tag="651"><subfield code="a">New York (State)</subfield><subfield code="z">New York.</subfield><subfield code="2">fast</subfield><subfield code="0">(OCoLC)fst01204333</subfield></datafield><datafield ind1=" " ind2="7" tag="651"><subfield code="a">United States.</subfield><subfield code="2">fast</subfield><subfield code="0">(OCoLC)fst01204155</subfield></datafield><datafield ind1="1" ind2=" " tag="700"><subfield code="a">Colburn, Zerah,</subfield><subfield code="d">1832-1870.</subfield></datafield><datafield ind1=" " ind2=" " tag="752"><subfield code="a">New York</subfield><subfield code="b">New York</subfield><subfield code="c">New York</subfield><subfield code="d">New York.</subfield></datafield><datafield ind1="0" ind2="0" tag="780"><subfield code="t">Rail road advocate (New York, N.Y.)</subfield><subfield code="w">(OCoLC)14254104</subfield></datafield><datafield ind1="0" ind2="0" tag="785"><subfield code="t">Holley's railroad advocate</subfield><subfield code="w">(OCoLC)32225880</subfield></datafield></record>